
@thesis{HAUF2010, 
	author = {Hauf, G.}, 
	title = {Trag- und Verformungsverhalten von Slim-Floor Konstruktionen},
	type = {dissertation}, 
	institution = {University of Stuttgart, Institute of Structural Design, No. 2010-1}, 
	year = {2010},
}