@article{Oughton:2019a,
    title = {Assessing the capacity, coverage and cost of {5G} infrastructure strategies: Analysis of the {N}etherlands},
    journal = {Telematics and Informatics},
    volume = {37},
    pages = {50 - 69},
    year = {2019},
    issn = {0736-5853},
    doi = {10.1016/j.tele.2019.01.003},
    url = {http://www.sciencedirect.com/science/article/pii/S073658531830830X},
    author = {{Oughton}, E.~J. and {Frias}, Z. and {van der Gaast}, S. and {van der Berg}, R.},
}
@article{Oughton:2019b,
    title = {An open-source techno-economic assessment framework for {5G} deployment},
    journal = {IEEE Access},
    pages = {1 - 1},
    year = {2019},
    issn = {2169-3536},
    doi = {10.1109/ACCESS.2019.2949460},
    url = {https://ieeexplore.ieee.org/document/8882300},
    author = {{Oughton}, E.~J. and {Katsaros}, K. and {Entezami}, F. and {Kaleshi}, D. and {Crowcroft}, J.},
}
@article{Hufford:1982,
    title = {A guide to the use of the {ITS} {I}rregular {T}errain {M}odel in the area prediction mode},
    journal = {NTIA Report},
    pages = {1 - 67},
    year = {1982},
    url = {https://www.ntia.doc.gov/report/1982/guide-use-its-irregular-terrain-model-area-prediction-mode},
    author = {{Hufford}, G.~A. and {Longley}, A.~G. and {Kissick}, W.~A.},
}
@article{Hufford:1995,
    title = {The {ITS} {I}rregular {T}errain {M}odel, version 1.2.2, the Algorithm},
    journal = {NTIA Report},
    pages = {1 - 16},
    year = {1995},
    url = {https://www.its.bldrdoc.gov/media/50676/itm_alg.pdf},
    author = {{Hufford}, G.~A.},
}
@article{Longley:1968,
    title = {Prediction of tropospheric radio transmission loss over irregular terrain - A computer method},
    journal = {NTIS Report},
    pages = {1 - 147},
    year = {1968},
    url = {https://apps.dtic.mil/dtic/tr/fulltext/u2/676874.pdf},
    author = {{Longley}, A.~G.},
}
@article{Oughton:2018a,
    title = {The strategic national infrastructure assessment of digital communications},
    journal = {Digital Policy, Regulation and Governance},
    pages = {197 – 210},
    year = {2018},
    issn = {2398-5038},
    doi = {10.1108/DPRG-02-2018-0004},
    url = {https://doi.org/10.1108/DPRG-02-2018-0004},
    author = {{Oughton}, E.~J. and {Frias}, Z. and {Dohler}, M. and {Whalley}, J. and {Sicker}, D. and {Hall}, J.~W. and {Crowcroft}, J. and {Cleevely}, D.~D.},
}
@article{Oughton:2018b,
    title = {The cost, coverage and rollout implications of 5G infrastructure in Britain},
    journal = {Telecommunications Policy},
    volume = {42},
    number = {8},
    pages = {636 - 652},
    year = {2018},
    issn = {0308-5961},
    doi = {10.1016/j.telpol.2017.07.009},
    url = {http://www.sciencedirect.com/science/article/pii/S0308596117302781},
    author = {{Oughton}, E.~J. and {Frias}, Z.},
}
@article{Oughton:2020,
    title = {The importance of spatio-temporal infrastructure assessment: Evidence for 5G from the Oxford–Cambridge Arc},
    journal = {Computers, Environment and Urban Systems},
    volume = {83},
    number = {},
    pages = {},
    year = {2018},
    issn = {0198-9715},
    doi = {10.1016/j.compenvurbsys.2020.101515},
    url = {https://doi.org/10.1016/j.compenvurbsys.2020.101515},
    author = {{Oughton}, E.~J. and {Russell}, T.},
}
@misc{ITS:2007,
    author = {{Institute for Telecommunication Sciences}},
    title = {{I}rregular {T}errain {M}odel ({ITM}) ({L}ongley-{R}ice) (20 {MH}z – 20 {GH}z)},
    year = {2007},
    url = {https://www.its.bldrdoc.gov/resources/radio-propagation-software/itm/itm.aspx},
    note = {[Online; accessed 16-March-2020]},
}
